@inproceedings{naiveBayes,
 author = {Lowd, Daniel and Domingos, Pedro},
 title = {Naive Bayes Models for Probability Estimation},
 booktitle = {Proceedings of the 22Nd International Conference on Machine Learning},
 series = {ICML '05},
 year = {2005},
 isbn = {1-59593-180-5},
 location = {Bonn, Germany},
 pages = {529--536},
 numpages = {8},
 url = {http://doi.acm.org/10.1145/1102351.1102418},
 doi = {10.1145/1102351.1102418},
 acmid = {1102418},
 publisher = {ACM},
 address = {New York, NY, USA},
} 
@article{desicionTree,
    author  = {S. Rasoul Safavian and David Landgrebe},
    title   = {A Survey of Decision Tree Classifier Methodology},
    year    = {1991},
    journal = {IEEE Transactions on Systems, Man, and Cybernetics},
    volume  = {21},
    number  = {3},
    pages   = {660-674}
}
@article{svm,
  title={Support vector machines: hype or hallelujah?},
  author={Bennett, Kristin P and Campbell, Colin},
  journal={ACM SIGKDD Explorations Newsletter},
  volume={2},
  number={2},
  pages={1--13},
  year={2000},
  publisher={ACM}
}
@article{spamFiltering,
 author = {Hershkop, Shlomo and Stolfo, Salvatore J.},
 title = {Identifying Spam Without Peeking at the Contents},
 journal = {Crossroads},
 issue_date = {December 2004},
 volume = {11},
 number = {2},
 month = dec,
 year = {2004},
 issn = {1528-4972},
 pages = {3--3},
 numpages = {1},
 url = {http://doi.acm.org/10.1145/1144403.1144406},
 doi = {10.1145/1144403.1144406},
 acmid = {1144406},
 publisher = {ACM},
 address = {New York, NY, USA},
}
@article{fewUseful,
 author = {Domingos, Pedro},
 title = {A Few Useful Things to Know About Machine Learning},
 journal = {Commun. ACM},
 issue_date = {October 2012},
 volume = {55},
 number = {10},
 month = oct,
 year = {2012},
 issn = {0001-0782},
 pages = {78--87},
 numpages = {10},
 url = {http://doi.acm.org/10.1145/2347736.2347755},
 doi = {10.1145/2347736.2347755},
 acmid = {2347755},
 publisher = {ACM},
 address = {New York, NY, USA},
} 
@Article{sensors,
AUTHOR = {Mannini, Andrea and Sabatini, Angelo Maria},
TITLE = {Machine Learning Methods for Classifying Human Physical Activity from On-Body Accelerometers},
JOURNAL = {Sensors},
VOLUME = {10},
YEAR = {2010},
NUMBER = {2},
PAGES = {1154--1175},
URL = {http://www.mdpi.com/1424-8220/10/2/1154},
PubMedID = {22205862},
ISSN = {1424-8220},
DOI = {10.3390/s100201154}
}
%too old, doesn't have svm
@article{comparasion,
year={2000},
issn={0885-6125},
journal={Machine Learning},
volume={40},
number={3},
doi={10.1023/A:1007608224229},
title={A Comparison of Prediction Accuracy, Complexity, and Training Time of Thirty-Three Old and New Classification Algorithms},
url={http://dx.doi.org/10.1023/A%3A1007608224229},
publisher={Kluwer Academic Publishers},
keywords={classification tree; decision tree; neural net; statistical classifier},
author={Lim, Tjen-Sien and Loh, Wei-Yin and Shih, Yu-Shan},
pages={203-228},
language={English}
}
%very descriptive
@article{Lorena20115268,
title = "Comparing machine learning classifiers in potential distribution modelling ",
journal = "Expert Systems with Applications ",
volume = "38",
number = "5",
pages = "5268 - 5275",
year = "2011",
note = "",
issn = "0957-4174",
doi = "http://dx.doi.org/10.1016/j.eswa.2010.10.031",
url = "http://www.sciencedirect.com/science/article/pii/S0957417410011759",
author = "Ana C. Lorena and Luis F.O. Jacintho and Marinez F. Siqueira and Renato De Giovanni and Lúcia G. Lohmann and André C.P.L.F. de Carvalho and Missae Yamamoto",
keywords = "Ecological niche modelling",
keywords = "Potential distribution modelling",
keywords = "Machine learning "
}
%good
@article{Brown20123446,
    title = "An experimental comparison of classification algorithms for imbalanced credit scoring data sets ",
    journal = "Expert Systems with Applications ",
    volume = "39",
    number = "3",
    pages = "3446 - 3453",
    year = "2012",
    note = "",
    issn = "0957-4174",
    doi = "http://dx.doi.org/10.1016/j.eswa.2011.09.033",
    url = "http://www.sciencedirect.com/science/article/pii/S095741741101342X",
    author = "Iain Brown and Christophe Mues",
    keywords = "Credit scoring",
    keywords = "Imbalanced datasets",
    keywords = "Classification",
    keywords = "Benchmarking "
}
@inproceedings{Mccallum1998,
    author = {Andrew Mccallum and Kamal Nigam},
    booktitle = {AAAI-98 Workshop on 'Learning for Text Categorization'},
    title = {A Comparison of Event Models for Naive Bayes Text Classification},
    year = {1998}
 }
 @article{murphy2006naive,
  title={Naive Bayes classifiers},
  author={Murphy, Kevin P},
  journal={University of British Columbia},
  year={2006}
}
@article{glick2004enrichment,
  title={Enrichment of extremely noisy high-throughput screening data using a naive Bayes classifier},
  author={Glick, Meir and Klon, Anthony E and Acklin, Pierre and Davies, John W},
  journal={Journal of biomolecular screening},
  volume={9},
  number={1},
  pages={32--36},
  year={2004},
  publisher={SAGE Publications}
}
@article{QuinlanTrees,
    year={1986},
    issn={0885-6125},
    journal={Machine Learning},
    volume={1},
    number={1},
    doi={10.1023/A:1022643204877},
    title={Induction of Decision Trees},
    url={http://dx.doi.org/10.1023/A%3A1022643204877},
    publisher={Kluwer Academic Publishers-Plenum Publishers},
    keywords={classification; induction; decision trees; information theory; knowledge acquisition; expert systems},
    author={Quinlan, J.R.},
    pages={81-106},
    language={English}
}
@article{Mannino2009743,
title = "Classification algorithm sensitivity to training data with non representative attribute noise ",
journal = "Decision Support Systems ",
volume = "46",
number = "3",
pages = "743 - 751",
year = "2009",
note = "Wireless in the Healthcare ",
issn = "0167-9236",
doi = "http://dx.doi.org/10.1016/j.dss.2008.11.021",
url = "http://www.sciencedirect.com/science/article/pii/S0167923608002200",
author = "Michael Mannino and Yanjuan Yang and Young Ryu",
keywords = "Attribute noise",
keywords = "Area under the Receiver Operating Curve",
keywords = "Classification algorithm "
}
@article{quanpt:mnistlecun,
    author = {Lecun, Yann and Cortes, Corinna},
    citeulike-article-id = {599493},
    citeulike-linkout-0 = {http://yann.lecun.com/exdb/mnist/},
    keywords = {ai, mnist, recognition},
    posted-at = {2009-03-20 17:02:13},
    priority = {2},
    title = {{The MNIST database of handwritten digits}},
    url = {http://yann.lecun.com/exdb/mnist/}
}
@article{wu2008top,
  title={Top 10 algorithms in data mining},
  author={Wu, Xindong and Kumar, Vipin and Quinlan, J Ross and Ghosh, Joydeep and Yang, Qiang and Motoda, Hiroshi and McLachlan, Geoffrey J and Ng, Angus and Liu, Bing and Philip, S Yu and others},
  journal={Knowledge and Information Systems},
  volume={14},
  number={1},
  pages={1--37},
  year={2008},
  publisher={Springer}
}